<?xml version="1.0" encoding="UTF-8"?>
<collection xmlns="http://www.loc.gov/MARC21/slim" xmlns:xsi="http://www.w3.org/2001/XMLSchema-instance" xsi:schemaLocation="http://www.loc.gov/standards/marcxml/schema/MARC21slim.xsd">
  <record xmlns="http://www.loc.gov/MARC21/slim">
    <leader>00000cam a2200000 a 4500</leader>
    <controlfield tag="001">ocm07836674 </controlfield>
    <controlfield tag="003">OCoLC</controlfield>
    <controlfield tag="005">20180928043821.3</controlfield>
    <controlfield tag="008">810924s1982    ctuc     b    001 0 eng  </controlfield>
    <datafield tag="010" ind1=" " ind2=" ">
      <subfield code="a">   81015967 </subfield>
    </datafield>
    <datafield tag="040" ind1=" " ind2=" ">
      <subfield code="a">DLC</subfield>
      <subfield code="b">eng</subfield>
      <subfield code="c">DLC</subfield>
      <subfield code="d">MUQ</subfield>
      <subfield code="d">BAKER</subfield>
      <subfield code="d">NLGGC</subfield>
      <subfield code="d">BTCTA</subfield>
      <subfield code="d">YDXCP</subfield>
      <subfield code="d">GEBAY</subfield>
      <subfield code="d">BDX</subfield>
      <subfield code="d">GBVCP</subfield>
      <subfield code="d">DEBBG</subfield>
      <subfield code="d">OCLCQ</subfield>
      <subfield code="d">ICN</subfield>
      <subfield code="d">GTA</subfield>
      <subfield code="d">OCLCO</subfield>
      <subfield code="d">DHA</subfield>
      <subfield code="d">UKUOY</subfield>
      <subfield code="d">NJR</subfield>
      <subfield code="d">OCLCQ</subfield>
      <subfield code="d">TYC</subfield>
      <subfield code="d">XFF</subfield>
      <subfield code="d">OCLCF</subfield>
      <subfield code="d">OCLCQ</subfield>
      <subfield code="d">CNO</subfield>
      <subfield code="d">BRL</subfield>
      <subfield code="d">OCLCA</subfield>
      <subfield code="d">OCLCQ</subfield>
    </datafield>
    <datafield tag="019" ind1=" " ind2=" ">
      <subfield code="a">234215634</subfield>
      <subfield code="a">969362233</subfield>
      <subfield code="a">974725263</subfield>
      <subfield code="a">987061161</subfield>
      <subfield code="a">999659371</subfield>
      <subfield code="a">1000546028</subfield>
      <subfield code="a">1011753113</subfield>
      <subfield code="a">1014228243</subfield>
      <subfield code="a">1030295125</subfield>
    </datafield>
    <datafield tag="020" ind1=" " ind2=" ">
      <subfield code="a">0300026951</subfield>
    </datafield>
    <datafield tag="020" ind1=" " ind2=" ">
      <subfield code="a">9780300026955</subfield>
    </datafield>
    <datafield tag="020" ind1=" " ind2=" ">
      <subfield code="a">0300030924</subfield>
    </datafield>
    <datafield tag="020" ind1=" " ind2=" ">
      <subfield code="a">9780300030921</subfield>
    </datafield>
    <datafield tag="029" ind1="1" ind2=" ">
      <subfield code="a">AU@</subfield>
      <subfield code="b">000002102295</subfield>
    </datafield>
    <datafield tag="029" ind1="1" ind2=" ">
      <subfield code="a">AU@</subfield>
      <subfield code="b">000022051986</subfield>
    </datafield>
    <datafield tag="029" ind1="1" ind2=" ">
      <subfield code="a">AU@</subfield>
      <subfield code="b">000023067905</subfield>
    </datafield>
    <datafield tag="029" ind1="1" ind2=" ">
      <subfield code="a">AU@</subfield>
      <subfield code="b">000045074450</subfield>
    </datafield>
    <datafield tag="029" ind1="1" ind2=" ">
      <subfield code="a">AU@</subfield>
      <subfield code="b">000053476491</subfield>
    </datafield>
    <datafield tag="029" ind1="1" ind2=" ">
      <subfield code="a">AU@</subfield>
      <subfield code="b">000059894653</subfield>
    </datafield>
    <datafield tag="029" ind1="1" ind2=" ">
      <subfield code="a">DEBBG</subfield>
      <subfield code="b">BV000064079</subfield>
    </datafield>
    <datafield tag="029" ind1="1" ind2=" ">
      <subfield code="a">GBVCP</subfield>
      <subfield code="b">024384852</subfield>
    </datafield>
    <datafield tag="029" ind1="1" ind2=" ">
      <subfield code="a">GEBAY</subfield>
      <subfield code="b">210194</subfield>
    </datafield>
    <datafield tag="029" ind1="1" ind2=" ">
      <subfield code="a">HEBIS</subfield>
      <subfield code="b">199460620</subfield>
    </datafield>
    <datafield tag="029" ind1="1" ind2=" ">
      <subfield code="a">NZ1</subfield>
      <subfield code="b">117530</subfield>
    </datafield>
    <datafield tag="029" ind1="1" ind2=" ">
      <subfield code="a">NZ1</subfield>
      <subfield code="b">2562384</subfield>
    </datafield>
    <datafield tag="029" ind1="1" ind2=" ">
      <subfield code="a">UNITY</subfield>
      <subfield code="b">04697010X</subfield>
    </datafield>
    <datafield tag="035" ind1=" " ind2=" ">
      <subfield code="a">(OCoLC)07836674</subfield>
      <subfield code="z">(OCoLC)234215634</subfield>
      <subfield code="z">(OCoLC)969362233</subfield>
      <subfield code="z">(OCoLC)974725263</subfield>
      <subfield code="z">(OCoLC)987061161</subfield>
      <subfield code="z">(OCoLC)999659371</subfield>
      <subfield code="z">(OCoLC)1000546028</subfield>
      <subfield code="z">(OCoLC)1011753113</subfield>
      <subfield code="z">(OCoLC)1014228243</subfield>
      <subfield code="z">(OCoLC)1030295125</subfield>
    </datafield>
    <datafield tag="043" ind1=" " ind2=" ">
      <subfield code="a">n-us---</subfield>
    </datafield>
    <datafield tag="050" ind1="0" ind2="0">
      <subfield code="a">HQ1410</subfield>
      <subfield code="b">.R67 1982</subfield>
    </datafield>
    <datafield tag="060" ind1=" " ind2="4">
      <subfield code="a">305.42 R813b</subfield>
    </datafield>
    <datafield tag="082" ind1="0" ind2="0">
      <subfield code="a">305.4/2/0973</subfield>
      <subfield code="2">19</subfield>
    </datafield>
    <datafield tag="084" ind1=" " ind2=" ">
      <subfield code="a">305.420973</subfield>
      <subfield code="2">22</subfield>
    </datafield>
    <datafield tag="084" ind1=" " ind2=" ">
      <subfield code="a">15.87</subfield>
      <subfield code="2">bcl</subfield>
    </datafield>
    <datafield tag="084" ind1=" " ind2=" ">
      <subfield code="a">71.33</subfield>
      <subfield code="2">bcl</subfield>
    </datafield>
    <datafield tag="084" ind1=" " ind2=" ">
      <subfield code="a">71.31</subfield>
      <subfield code="2">bcl</subfield>
    </datafield>
    <datafield tag="084" ind1=" " ind2=" ">
      <subfield code="a">MS 3155</subfield>
      <subfield code="2">rvk</subfield>
    </datafield>
    <datafield tag="084" ind1=" " ind2=" ">
      <subfield code="a">MS 3000</subfield>
      <subfield code="2">rvk</subfield>
    </datafield>
    <datafield tag="084" ind1=" " ind2=" ">
      <subfield code="a">D 1.433973</subfield>
      <subfield code="2">z</subfield>
    </datafield>
    <datafield tag="084" ind1=" " ind2=" ">
      <subfield code="a">K 6</subfield>
      <subfield code="2">z</subfield>
    </datafield>
    <datafield tag="049" ind1=" " ind2=" ">
      <subfield code="a">MAIN</subfield>
    </datafield>
    <datafield tag="100" ind1="1" ind2=" ">
      <subfield code="a">Rosenberg, Rosalind,</subfield>
      <subfield code="d">1946-</subfield>
    </datafield>
    <datafield tag="245" ind1="1" ind2="0">
      <subfield code="a">Beyond separate spheres :</subfield>
      <subfield code="b">intellectual roots of modern feminism /</subfield>
      <subfield code="c">Rosalind Rosenberg.</subfield>
    </datafield>
    <datafield tag="260" ind1=" " ind2=" ">
      <subfield code="a">New Haven :</subfield>
      <subfield code="b">Yale University Press,</subfield>
      <subfield code="c">©1982.</subfield>
    </datafield>
    <datafield tag="300" ind1=" " ind2=" ">
      <subfield code="a">xxii, 288 pages :</subfield>
      <subfield code="b">portraits ;</subfield>
      <subfield code="c">25 cm</subfield>
    </datafield>
    <datafield tag="336" ind1=" " ind2=" ">
      <subfield code="a">text</subfield>
      <subfield code="b">txt</subfield>
      <subfield code="2">rdacontent</subfield>
    </datafield>
    <datafield tag="337" ind1=" " ind2=" ">
      <subfield code="a">unmediated</subfield>
      <subfield code="b">n</subfield>
      <subfield code="2">rdamedia</subfield>
    </datafield>
    <datafield tag="338" ind1=" " ind2=" ">
      <subfield code="a">volume</subfield>
      <subfield code="b">nc</subfield>
      <subfield code="2">rdacarrier</subfield>
    </datafield>
    <datafield tag="504" ind1=" " ind2=" ">
      <subfield code="a">Includes bibliographical references (pages 247-278) and index.</subfield>
    </datafield>
    <datafield tag="505" ind1="0" ind2=" ">
      <subfield code="a">In the shadow of Dr. Clarke -- The feminization of academe -- The new psychology and the new woman -- Toward a sexless intelligence -- The social roots of personality -- The primitive side of civilized culture -- The reluctant revolutionaries -- Beyond separate spheres.</subfield>
    </datafield>
    <datafield tag="520" ind1=" " ind2=" ">
      <subfield code="a">This book sheds new light on the intellectual roots of modern feminism by examining the connections between social science and the feminist roles which replaced the ideal of 'true womanhood' with the 'new woman' at the turn of the 20th century. It also provides an irrefutable indictment of an academic world that systematically excluded talented women from treaching posts while allowing their male mentors to lay claim to their pioneering scholarship.</subfield>
    </datafield>
    <datafield tag="583" ind1="1" ind2=" ">
      <subfield code="a">Legacy</subfield>
      <subfield code="c">2017</subfield>
      <subfield code="5">UoY</subfield>
    </datafield>
    <datafield tag="650" ind1=" " ind2="0">
      <subfield code="a">Feminist theory.</subfield>
    </datafield>
    <datafield tag="650" ind1=" " ind2="0">
      <subfield code="a">Women social scientists</subfield>
      <subfield code="z">United States</subfield>
      <subfield code="x">Attitudes</subfield>
      <subfield code="x">History.</subfield>
    </datafield>
    <datafield tag="650" ind1=" " ind2="0">
      <subfield code="a">Women college graduates</subfield>
      <subfield code="z">United States</subfield>
      <subfield code="x">Attitudes</subfield>
      <subfield code="x">History.</subfield>
    </datafield>
    <datafield tag="650" ind1=" " ind2="6">
      <subfield code="a">Féminisme</subfield>
      <subfield code="z">États-Unis</subfield>
      <subfield code="x">Philosophie.</subfield>
    </datafield>
    <datafield tag="650" ind1=" " ind2="6">
      <subfield code="a">Femmes diplômées</subfield>
      <subfield code="z">États-Unis</subfield>
      <subfield code="x">Attitudes</subfield>
      <subfield code="x">Histoire.</subfield>
    </datafield>
    <datafield tag="650" ind1=" " ind2="6">
      <subfield code="a">Femmes spécialistes des sciences sociales</subfield>
      <subfield code="z">États-Unis</subfield>
      <subfield code="x">Attitudes</subfield>
      <subfield code="x">Histoire.</subfield>
    </datafield>
    <datafield tag="650" ind1=" " ind2="7">
      <subfield code="a">Feminist theory.</subfield>
      <subfield code="2">fast</subfield>
      <subfield code="0">(OCoLC)fst00922816</subfield>
    </datafield>
    <datafield tag="650" ind1=" " ind2="7">
      <subfield code="a">Women college graduates</subfield>
      <subfield code="x">Attitudes.</subfield>
      <subfield code="2">fast</subfield>
      <subfield code="0">(OCoLC)fst01177444</subfield>
    </datafield>
    <datafield tag="651" ind1=" " ind2="7">
      <subfield code="a">United States.</subfield>
      <subfield code="2">fast</subfield>
      <subfield code="0">(OCoLC)fst01204155</subfield>
    </datafield>
    <datafield tag="650" ind1="1" ind2="7">
      <subfield code="a">Feminisme.</subfield>
      <subfield code="2">gtt</subfield>
    </datafield>
    <datafield tag="650" ind1=" " ind2="7">
      <subfield code="a">Frauenbewegung</subfield>
      <subfield code="2">gnd</subfield>
    </datafield>
    <datafield tag="650" ind1=" " ind2="7">
      <subfield code="a">Frauenemanzipation</subfield>
      <subfield code="2">gnd</subfield>
    </datafield>
    <datafield tag="650" ind1=" " ind2="7">
      <subfield code="a">Geschichte</subfield>
      <subfield code="2">gnd</subfield>
    </datafield>
    <datafield tag="650" ind1=" " ind2="7">
      <subfield code="a">Sozialwissenschaftlerin</subfield>
      <subfield code="2">gnd</subfield>
    </datafield>
    <datafield tag="651" ind1=" " ind2="7">
      <subfield code="a">USA</subfield>
      <subfield code="2">gnd</subfield>
    </datafield>
    <datafield tag="651" ind1=" " ind2="7">
      <subfield code="a">USA.</subfield>
      <subfield code="2">swd</subfield>
    </datafield>
    <datafield tag="653" ind1=" " ind2="0">
      <subfield code="a">Feminist theory</subfield>
    </datafield>
    <datafield tag="653" ind1=" " ind2="0">
      <subfield code="a">Women college graduates</subfield>
      <subfield code="a">United States</subfield>
      <subfield code="a">Attitudes</subfield>
      <subfield code="a">History</subfield>
    </datafield>
    <datafield tag="653" ind1=" " ind2="0">
      <subfield code="a">Women social scientists</subfield>
      <subfield code="a">United States</subfield>
      <subfield code="a">Attitudes</subfield>
      <subfield code="a">History</subfield>
    </datafield>
    <datafield tag="655" ind1=" " ind2="7">
      <subfield code="a">History.</subfield>
      <subfield code="2">fast</subfield>
      <subfield code="0">(OCoLC)fst01411628</subfield>
    </datafield>
    <datafield tag="856" ind1="4" ind2="1">
      <subfield code="u">http://hdl.handle.net/2027/heb.00606</subfield>
      <subfield code="z">Available from ACLS Humanities</subfield>
      <subfield code="z">Rutgers restricted</subfield>
    </datafield>
    <datafield tag="938" ind1=" " ind2=" ">
      <subfield code="a">Baker &amp; Taylor</subfield>
      <subfield code="b">BKTY</subfield>
      <subfield code="c">32.00</subfield>
      <subfield code="d">32.00</subfield>
      <subfield code="i">0300030924</subfield>
      <subfield code="n">0000796976</subfield>
      <subfield code="s">active</subfield>
    </datafield>
    <datafield tag="938" ind1=" " ind2=" ">
      <subfield code="a">Brodart</subfield>
      <subfield code="b">BROD</subfield>
      <subfield code="n">33981981</subfield>
      <subfield code="c">$19.00</subfield>
    </datafield>
    <datafield tag="938" ind1=" " ind2=" ">
      <subfield code="a">Baker and Taylor</subfield>
      <subfield code="b">BTCP</subfield>
      <subfield code="n">81015967 //r91</subfield>
    </datafield>
    <datafield tag="938" ind1=" " ind2=" ">
      <subfield code="a">YBP Library Services</subfield>
      <subfield code="b">YANK</subfield>
      <subfield code="n">163259</subfield>
    </datafield>
    <datafield tag="994" ind1=" " ind2=" ">
      <subfield code="a">92</subfield>
      <subfield code="b">OCPSB</subfield>
    </datafield>
  </record>