
  <record xmlns="http://www.loc.gov/MARC21/slim">
    <leader>00000cam a2200000Ia 4500</leader>
    <controlfield tag="001">ocm19246647 </controlfield>
    <controlfield tag="003">OCoLC</controlfield>
    <controlfield tag="005">20180928043144.9</controlfield>
    <controlfield tag="008">890222s1989    ohua     b    100 0 eng d</controlfield>
    <datafield tag="040" ind1=" " ind2=" ">
      <subfield code="a">OCC</subfield>
      <subfield code="b">eng</subfield>
      <subfield code="c">OCC</subfield>
      <subfield code="d">IAY</subfield>
      <subfield code="d">QIP</subfield>
      <subfield code="d">OCL</subfield>
      <subfield code="d">EL$</subfield>
      <subfield code="d">DRB</subfield>
      <subfield code="d">SINLB</subfield>
      <subfield code="d">ZWZ</subfield>
      <subfield code="d">OCLCQ</subfield>
      <subfield code="d">YDXCP</subfield>
      <subfield code="d">OCLCQ</subfield>
      <subfield code="d">OCLCO</subfield>
      <subfield code="d">OCLCF</subfield>
      <subfield code="d">OCLCQ</subfield>
      <subfield code="d">OCL</subfield>
      <subfield code="d">OCC</subfield>
      <subfield code="d">OCLCQ</subfield>
      <subfield code="d">NLC</subfield>
      <subfield code="d">OCLCQ</subfield>
      <subfield code="d">OCC</subfield>
    </datafield>
    <datafield tag="019" ind1=" " ind2=" ">
      <subfield code="a">232312469</subfield>
    </datafield>
    <datafield tag="020" ind1=" " ind2=" ">
      <subfield code="a">1556530706</subfield>
    </datafield>
    <datafield tag="020" ind1=" " ind2=" ">
      <subfield code="a">9781556530708</subfield>
    </datafield>
    <datafield tag="029" ind1="1" ind2=" ">
      <subfield code="a">AU@</subfield>
      <subfield code="b">000007343297</subfield>
    </datafield>
    <datafield tag="029" ind1="1" ind2=" ">
      <subfield code="a">GBVCP</subfield>
      <subfield code="b">018467849</subfield>
    </datafield>
    <datafield tag="029" ind1="1" ind2=" ">
      <subfield code="a">GBVCP</subfield>
      <subfield code="b">01907316X</subfield>
    </datafield>
    <datafield tag="029" ind1="1" ind2=" ">
      <subfield code="a">NLGGC</subfield>
      <subfield code="b">085462055</subfield>
    </datafield>
    <datafield tag="029" ind1="1" ind2=" ">
      <subfield code="a">OCC</subfield>
      <subfield code="c">/p15003coll71</subfield>
      <subfield code="t">CNTNT</subfield>
    </datafield>
    <datafield tag="029" ind1="1" ind2=" ">
      <subfield code="a">ZWZ</subfield>
      <subfield code="b">02101776X</subfield>
    </datafield>
    <datafield tag="029" ind1="1" ind2=" ">
      <subfield code="a">NLC</subfield>
      <subfield code="b">000009865243</subfield>
    </datafield>
    <datafield tag="035" ind1=" " ind2=" ">
      <subfield code="a">(OCoLC)19246647</subfield>
      <subfield code="z">(OCoLC)232312469</subfield>
    </datafield>
    <datafield tag="050" ind1=" " ind2="4">
      <subfield code="a">Z699.35.C38</subfield>
      <subfield code="b">O62 1989</subfield>
    </datafield>
    <datafield tag="082" ind1="0" ind2="4">
      <subfield code="a">025.3132</subfield>
      <subfield code="2">20</subfield>
    </datafield>
    <datafield tag="049" ind1=" " ind2=" ">
      <subfield code="a">MAIN</subfield>
    </datafield>
    <datafield tag="245" ind1="0" ind2="0">
      <subfield code="a">OPACs and beyond :</subfield>
      <subfield code="b">proceedings of a joint meeting of the British Library, DBMIST, and OCLC, OCLC Online Computer Library Center, Inc., Dublin, Ohio, August 17-18, 1988.</subfield>
    </datafield>
    <datafield tag="246" ind1="3" ind2=" ">
      <subfield code="a">Online public access catalogs and beyond</subfield>
    </datafield>
    <datafield tag="260" ind1=" " ind2=" ">
      <subfield code="a">Dublin, Ohio :</subfield>
      <subfield code="b">OCLC Online Computer Library Center,</subfield>
      <subfield code="c">©1989.</subfield>
    </datafield>
    <datafield tag="300" ind1=" " ind2=" ">
      <subfield code="a">viii, 120 pages :</subfield>
      <subfield code="b">illustrations ;</subfield>
      <subfield code="c">23 cm.</subfield>
    </datafield>
    <datafield tag="336" ind1=" " ind2=" ">
      <subfield code="a">text</subfield>
      <subfield code="b">txt</subfield>
      <subfield code="2">rdacontent</subfield>
    </datafield>
    <datafield tag="337" ind1=" " ind2=" ">
      <subfield code="a">unmediated</subfield>
      <subfield code="b">n</subfield>
      <subfield code="2">rdamedia</subfield>
    </datafield>
    <datafield tag="338" ind1=" " ind2=" ">
      <subfield code="a">volume</subfield>
      <subfield code="b">nc</subfield>
      <subfield code="2">rdacarrier</subfield>
    </datafield>
    <datafield tag="490" ind1="1" ind2=" ">
      <subfield code="a">OCLC library, information, and computer science series ;</subfield>
      <subfield code="v">10</subfield>
    </datafield>
    <datafield tag="500" ind1=" " ind2=" ">
      <subfield code="a">Second invitational conference sponsored by the OCLC Office of Research for researchers from the British Library, the Direction des bibliothèques, des musées et de l'information scientifique et technique, and OCLC.</subfield>
    </datafield>
    <datafield tag="504" ind1=" " ind2=" ">
      <subfield code="a">Includes bibliographical references.</subfield>
    </datafield>
    <datafield tag="505" ind1="1" ind2=" ">
      <subfield code="a">Fulfilling OPAC requirements within the OCLC reference architecture / J. Thomas, P. Stevens, R. Metcalf. -- Managing large retrievals : a problem of the 1990s / C. Prabha. -- Subject authority control in online catalog design / D. Vizine-Goetz and K. Markey. -- Union catalogs on personal supercomputers / T.B. Hickey.</subfield>
    </datafield>
    <datafield tag="650" ind1=" " ind2="0">
      <subfield code="a">Online library catalogs</subfield>
      <subfield code="v">Congresses.</subfield>
    </datafield>
    <datafield tag="650" ind1=" " ind2="0">
      <subfield code="a">Online library catalogs.</subfield>
    </datafield>
    <datafield tag="650" ind1=" " ind2="7">
      <subfield code="a">Online library catalogs.</subfield>
      <subfield code="2">fast</subfield>
      <subfield code="0">(OCoLC)fst01045961</subfield>
    </datafield>
    <datafield tag="650" ind1=" " ind2="7">
      <subfield code="a">Catalogues de bibliothèques en ligne</subfield>
      <subfield code="x">Congrès.</subfield>
      <subfield code="2">ram</subfield>
    </datafield>
    <datafield tag="655" ind1=" " ind2="7">
      <subfield code="a">Conference papers and proceedings.</subfield>
      <subfield code="2">fast</subfield>
      <subfield code="0">(OCoLC)fst01423772</subfield>
    </datafield>
    <datafield tag="710" ind1="2" ind2=" ">
      <subfield code="a">OCLC.</subfield>
      <subfield code="b">Office of Research.</subfield>
    </datafield>
    <datafield tag="710" ind1="2" ind2=" ">
      <subfield code="a">British Library.</subfield>
    </datafield>
    <datafield tag="710" ind1="1" ind2=" ">
      <subfield code="a">France.</subfield>
      <subfield code="b">Direction des bibliothèques, des musées et de l'information scientifique et technique.</subfield>
    </datafield>
    <datafield tag="776" ind1="0" ind2="8">
      <subfield code="i">Online version:</subfield>
      <subfield code="t">OPACs and beyond.</subfield>
      <subfield code="d">Dublin, Ohio : OCLC Online Computer Library Center, ©1989</subfield>
      <subfield code="w">(OCoLC)644602459</subfield>
    </datafield>
    <datafield tag="830" ind1=" " ind2="0">
      <subfield code="a">OCLC library, information, and computer science series ;</subfield>
      <subfield code="v">10.</subfield>
    </datafield>
    <datafield tag="856" ind1="4" ind2="0">
      <subfield code="3">OCLC Archives</subfield>
      <subfield code="u">http://library.oclc.org.oclclibrary.idm.oclc.org/digital/collection/p15003coll71/id/98</subfield>
    </datafield>
    <datafield tag="938" ind1=" " ind2=" ">
      <subfield code="a">YBP Library Services</subfield>
      <subfield code="b">YANK</subfield>
      <subfield code="n">1171371</subfield>
    </datafield>
    <datafield tag="994" ind1=" " ind2=" ">
      <subfield code="a">92</subfield>
      <subfield code="b">OCPSB</subfield>
    </datafield>
  </record>